%% local.bib
%% Copyright 2003-2005  Nicolas Markey
%
% This work may be distributed and/or modified under the
% conditions of the LaTeX Project Public License, either version 1.3
% of this license or (at your option) any later version.
% The latest version of this license is in
%   http://www.latex-project.org/lppl.txt
% and version 1.3 or later is part of all distributions of LaTeX
% version 2003/12/01 or later.
%
% This work has the LPPL maintenance status "maintained".
% The Current Maintainer of this work is Nicolas Markey
%
% This work consists of the files 
% 	ttb_en.tex
% 	ttb_en.sec1.tex  ttb_en.sec2.tex  ttb_en.sec3.tex
% 	ttb_en.sec4.tex  ttb_en.sec5.tex  
%	local.bib	 idxstyle.ist	  Makefile
% and the derived ttb_en.dvi, ttb_en.ps and ttb_en.pdf

@book{latex:dps,
  author =      "Lamport, Leslie",
  title =       "{{\LaTeX}}: a Document Preparation System",
  publisher =   "Addison-Wesley",
  year =        1997,
  month =       mar,
}

@book{latex:lc,
  title = "The {{\LaTeX}} Companion",
  author = "Goossens, Michel and Mittelbach, Frank  and Samarin, 
		Alexander",
  publisher = "Addison-Wesley",
  year = 1993,
  month = dec,
}

@book{latex:lc2,
  title = "The {{\LaTeX}} Companion~--- Second Edition",
  author = "Mittelbach, Frank and Goossens, Michel and 
	    Braams, Johannes and Carlisle, David and Rowley, Chris",
  publisher = "Addison-Wesley",
  year = 2004,
  month = apr,
}


@manual{natbib,
  author = "Daly, Patrick W.",
  title = "Natural Sciences Citations and References",
  year = 1999,
  month = may,
  }

@manual{bibentry,
  author = "Daly, Patrick W.",
  title = "A {{\LaTeX}} Package to Place Bibliography Entries in Text",
  year = 1999,
  month = feb,
  }

@manual{multibib,
  author = "Hansen, Thorsten",
  title = "The {\textbf{multibib}} package",
  year = 2000,
  month = jan,
}

@manual{bibunit,
  author = "Hansen, Thorsten",
  title = "The {\textbf{bibunits}} package",
  year = 2000,
  month = oct,
}

@manual{footbib,
  author = "Dommenjoud, {\'E}ric",
  title = "The {\textbf{footbib}} package",
  year = 1997,
  month = mar,
}

@manual{merlin,
  author = "Daly, Patrick W.",
  title = "A Master Bibliographic Style File",
  year = 1999,
  month = may,
  }

@manual{splitbib,
  author = "Markey, Nicolas",
  title = "The {\textbf{splitbib}} package",
  year = 2005,
  month = feb,
}

@manual{jurabib,
  author = "Berger, Jens",
  title = "The {\textbf{jurabib}} package",
  year = 2002,
  month = sep,
}

@manual{jmpl,
  author = "Bayart, Benjamin",
  title = "Joli Manuel pour {{\LaTeX}}",
  year = 1995,
  month =  dec,
}

@book{desg,
  title = "{{\LaTeX}}~: Apprentissage, Guide et R{\'e}f{\'e}rences",
  author = "Desgraupes, Bernard",
  publisher = "Vuibert",
  year = 2000,
  month = nov,
  }

@manual{btxdoc,
  author = "Patashnik, Oren",
  title = "{\textsc{Bib}}{{\TeX}}ing",
  year = 1988,
  month = feb,
}

@manual{btxhak,
  author = "Patashnik, Oren",
  title = "Designing {\textsc{Bib}}{{\TeX}} styles",
  year = 1988,
  month = feb,
}
